<?xml version="1.0" encoding="UTF-8"?><collection xmlns="http://www.loc.gov/MARC21/slim"><record><leader>00474nam--2200181-i-4500</leader><controlfield tag="001">000046200</controlfield><controlfield tag="002">20161230</controlfield><controlfield tag="005">20161230201045</controlfield><controlfield tag="008">060222s1000------------r-----000-0-eng-d</controlfield><datafield ind1=" " ind2=" " tag="040"><subfield code="a">IFIN-HH</subfield></datafield><datafield ind1=" " ind2=" " tag="080"><subfield code="a">030.1=20</subfield></datafield><datafield ind1="1" ind2=" " tag="110"><subfield code="a">D. Van Nostrand Company,Inc</subfield></datafield><datafield ind1="1" ind2="0" tag="245"><subfield code="a">Van nostrand`s scientific encyclopedia</subfield></datafield><datafield ind1=" " ind2=" " tag="250"><subfield code="a">Second Edition</subfield></datafield><datafield ind1=" " ind2=" " tag="260"><subfield code="a">New Work</subfield><subfield code="b">D. Van Nostrand Company, Inc</subfield><subfield code="c">1947</subfield></datafield><datafield ind1=" " ind2=" " tag="300"><subfield code="a">1600P</subfield></datafield><datafield ind1=" " ind2=" " tag="852"><subfield code="a">D.32</subfield><subfield code="c">ET</subfield></datafield><datafield ind1=" " ind2=" " tag="CAT"><subfield code="a">Sys</subfield><subfield code="c">20140319</subfield><subfield code="h">180329</subfield></datafield></record></collection>